@article{HaberStornetta1991,
  author    = {Stuart Haber and W. Scott Stornetta},
  title     = {How to Time-Stamp a Digital Document},
  journal   = {Journal of Cryptology},
  year      = {1991},
  volume    = {3},
  number    = {2},
  pages     = {99--111},
  doi       = {10.1007/BF00196791},
  url       = {https://doi.org/10.1007/BF00196791}
}

@misc{Nakamoto2008,
  author    = {Satoshi Nakamoto},
  title     = {Bitcoin: A Peer-to-Peer Electronic Cash System},
  year      = {2008},
  note      = {Bitcoin.org},
  url       = {https://bitcoin.org/bitcoin.pdf}
}

@incollection{Bayer1993,
  author    = {Dave Bayer and Stuart Haber and W. Scott Stornetta},
  title     = {Improving the Efficiency and Reliability of Digital Time-Stamping},
  booktitle = {Sequences II},
  year      = {1993},
  pages     = {329--334},
  doi       = {10.1007/978-1-4613-9323-8_24},
  url       = {https://doi.org/10.1007/978-1-4613-9323-8_24}
}

@article{BlockchainHealthcare2021,
  title={Blockchain technology applications in the health domain: a multivocal literature review},
  author={Multiple Authors},
  journal={The Journal of Supercomputing},
  year={2021},
  url={https://link.springer.com/article/10.1007/s11227-021-03683-3},
  doi={10.1007/s11227-021-03683-3}
}

@misc{BlockchainHealthcareExamples2022,
  title={Blockchain in Healthcare: 18 Examples to Know},
  author={Built In},
  year={2022},
  url={https://builtin.com/blockchain/blockchain-healthcare-examples}
}

@article{BlockchainGaming2021,
  title={Blockchain Games: The Gaming Revolution That Lets You Earn},
  author={Plisio.net},
  year={2021},
  url={https://plisio.net/en/blog/blockchain-gaming}
}

@misc{EthereumGaming2023,
  title={Ethereum in Gaming: Ushering in the Era of Decentralized Play},
  author={Doubloin},
  year={2023},
  url={https://doubloin.com/articles/ethereum-in-gaming}
}

@article{CointelegraphGaming2022,
  title={5 Reasons Why Blockchain-Based Gaming Economies Are the Future},
  author={Cointelegraph},
  year={2022},
  url={https://cointelegraph.com/news/5-reasons-why-blockchain-based-gaming-economies-are-the-future}
}

@article{CoreDevsLtd2023,
  title={Blockchain Gaming: How Decentralized Technology is Changing the Game},
  author={Core Devs Ltd},
  year={2023},
  url={https://coredevsltd.com/blockchain-gaming}
}